\begin{document}
\bibliographstyle{plain}

@misc{Kings,
  title = {C-19 COVID Symptom Tracker},
  howpublished = {\url{https://covid.joinzoe.com}},
}

@misc{Apple,
  title = {Coronavirus - Apple and CDC},
  howpublished = {\url{https://www.apple.com/covid19/}},
}

@misc{MoPH,
  title = {Republic of Lebanon, Ministry of Public Health},
  howpublished = {\url{https://moph.gov.lb/app/}},
}


@misc{India,
  title = {India's Mygov Corona Helpdesk},
  howpublished = {\url{https://techcrunch.com/2020/03/21/india-whatsapp-mygov-corona-helpdesk-bot/}},
}


@misc{WHOWA,
  title = {WhatsApp WHO chatbot},
  howpublished = {\url{https://www.engadget.com/2020-03-20-whatsapp-who-coronavirus-chatbot.html}},
	}

@misc{WHOWAI,
  title = {WhatsApp Coronavirus Information Hub},
  howpublished = {\url{https://www.whatsapp.com/coronavirus}},
}

\end{document}
